@book{carver2005modern,
  title={Modern multithreading: implementing, testing, and debugging multithreaded Java and C++/Pthreads/Win32 programs},
  author={Carver, Richard H and Tai, Kuo-Chung},
  year={2005},
  publisher={John Wiley \& Sons},
  pages={495},
  language=english
}

@online{androiddevelopers,
  title={Android Developers},
  url={https://developer.android.com/},
  journal={Android Developers},
  urldate = {2019-05-15},
  author={Google}
}

@book{jonathan2005linux,
  title={Linux device drivers},
  author={Jonathan, Corbet and Alessandro, Rubini and Greg Kroah, Hartman},
  year={2005},
  pages={641},
  publisher={O'Reilly Media}
}

@online{semver,
  title = {Semantic Versioning 2.0.0},
  author={Preston-Werner, Tom},
  year = 2013,
  url = {https://semver.org/},
  urldate = {2019-05-01},
  language={ukrainian}
}

@book{miller2005complete,
  title={The complete idiot's guide to music theory},
  author={Miller, Michael},
  year={2005},
  pages={118},
  publisher={Penguin}
}

@article{яворський2007довідник,
  title={Довідник з фізики для інженерів та студентів вищих навчальних закладів},
  author={Яворський, БМ and Детлаф, АА and Лебедєв, АК},
  journal={Тернопіль: Навчальна книга--Богдан},
  pages={231},
  year={2007}
}

@book{келдыш1973музыкальная,
  title={Музыкальная энциклопедия},
  author={Келдыш, Юрий Всеволодович},
  volume={6},
  year={1973},
  pages={359},
  publisher={" Сов. энциклопедия"--" Сов. композитор,"}
}

@article{юцевич2003музика,
  title={Музика. Словник-довідник},
  author={Юцевич, ЮЄ},
  journal={Тернопіль: Навчальна книга--Богдан},
  volume={352},
  year={2003}
}

@online{istqb,
  title={ISTQB Glossary},
  url={https://glossary.istqb.org/en/search/},
  journal={ISTQB Glossary},
  urldate = {2019-05-15},
  author={ISTQB}}
    
@book{huizinga2007automated,
  title={Automated defect prevention: best practices in software management},
  author={Huizinga, Dorota and Kolawa, Adam},
  year={2007},
  publisher={John Wiley \& Sons}
}

@online{xamarin,
  title={Microsoft Xamarin},
  url={https://docs.microsoft.com/en-us/xamarin/android/},
  journal={Microsoft Xamarin},
  urldate = {2019-05-15},
  author={Microsoft}
}
    
@online{react-native, title={Facebook React Native},
  url={https://facebook.github.io/react-native/},
  journal={Facebook React Native},
  urldate = {2019-05-15},
  author={Facebook}
}
    
@online{qt-mobile,
  title={Qt Mobile},
  url={https://www.qt.io/mobile-app-development/},
  journal={Qt Mobile},
  urldate = {2019-05-15},
  author={Qt}
}
    
@book{lyons2004understanding,
  title={Understanding digital signal processing, 3/E},
  author={Lyons, Richard G},
  year={2004},
  pages={982},
  publisher={Pearson Education India}
}

@article{панфилов1991теория,
  title={Теория электрической связи},
  author={Панфилов, ИП and Дырда, ВЕ},
  journal={М.: Радио и связь},
  pages={384},
  year={1991}
}

@article{bailey1994fast,
  title={A fast method for the numerical evaluation of continuous Fourier and Laplace transforms},
  author={Bailey, David H and Swarztrauber, Paul N},
  journal={SIAM Journal on Scientific Computing},
  volume={15},
  number={5},
  pages={1105--1110},
  year={1994},
  publisher={SIAM}
}

@article{shannon1949communities,
  title={Communities in the presence of noise, proceeding of the Institute of Radio Engineers},
  author={Shannon, CE},
  pages={89},
  year={1949}
}